@book{apostilalab,
  author    = {José F. Scheider, Eduardo R. Azevedo}, 
  title     = {Laboratório de Física II: Livro de Práticas},
  year      = {2018},
}

@book{halliday,
  author    = {David Halliday, Robert Resnick, Jearl Walker}, 
  title     = {Fundamentos de Física},
  publisher = {LTC},
  year      = {2018},
  volume    = {1},
  address   = {Rio de Janeiro}
}
